<?xml version="1.0" encoding="UTF-8"?><collection xmlns="http://www.loc.gov/MARC21/slim"><record><leader>00374nam--2200133-i-4500</leader><controlfield tag="001">000024027</controlfield><controlfield tag="002">20161230</controlfield><controlfield tag="005">20161230201035</controlfield><controlfield tag="008">060222s1000------------r-----000-0-eng-d</controlfield><datafield ind1=" " ind2=" " tag="080"><subfield code="a">543.544(082.1)</subfield></datafield><datafield ind1=" " ind2=" " tag="245"><subfield code="a">High-performance liquid chromatography. advances and perspectives</subfield></datafield><datafield ind1=" " ind2=" " tag="260"><subfield code="a">New York, Academic Press, 1980, Xi + 329 P</subfield></datafield><datafield ind1=" " ind2=" " tag="700"><subfield code="a">Horvath, Csaba</subfield></datafield><datafield ind1=" " ind2=" " tag="852"><subfield code="a">49120</subfield></datafield></record></collection>